@article{bao2017deep,
  title={A deep learning framework for financial time series using stacked autoencoders and long-short term memory},
  author={Bao, Wei and Yue, Jun and Rao, Yulei},
  journal={PloS one},
  volume={12},
  number={7},
  pages={e0180944},
  year={2017},
  publisher={Public Library of Science}
}

@article{yao1999neural,
  title={Neural networks for technical analysis: a study on KLCI},
  author={Yao, Jingtao and Tan, Chew Lim and Poh, Hean-Lee},
  journal={International journal of theoretical and applied finance},
  volume={2},
  number={02},
  pages={221--241},
  year={1999},
  publisher={World Scientific}
}

@article{hsieh2011forecasting,
  title={Forecasting stock markets using wavelet transforms and recurrent neural networks: An integrated system based on artificial bee colony algorithm},
  author={Hsieh, Tsung-Jung and Hsiao, Hsiao-Fen and Yeh, Wei-Chang},
  journal={Applied soft computing},
  volume={11},
  number={2},
  pages={2510--2525},
  year={2011},
  publisher={Elsevier}
}

@article{chen2014deep,
  title={Deep learning-based classification of hyperspectral data},
  author={Chen, Yushi and Lin, Zhouhan and Zhao, Xing and Wang, Gang and Gu, Yanfeng},
  journal={IEEE Journal of Selected topics in applied earth observations and remote sensing},
  volume={7},
  number={6},
  pages={2094--2107},
  year={2014},
  publisher={IEEE}
}

@article{how2016behavior,
  title={Behavior recognition for humanoid robots using long short-term memory},
  author={How, Dickson Neoh Tze and Loo, Chu Kiong and Sahari, Khairul Salleh Mohamed},
  journal={International journal of advanced robotic systems},
  volume={13},
  number={6},
  pages={1729881416663369},
  year={2016},
  publisher={SAGE Publications Sage UK: London, England}
}

@article{kuremoto2014time,
  title={Time series forecasting using a deep belief network with restricted Boltzmann machines},
  author={Kuremoto, Takashi and Kimura, Shinsuke and Kobayashi, Kunikazu and Obayashi, Masanao},
  journal={Neurocomputing},
  volume={137},
  pages={47--56},
  year={2014},
  publisher={Elsevier}
}

@article{shen2015forecasting,
  title={Forecasting exchange rate using deep belief networks and conjugate gradient method},
  author={Shen, Furao and Chao, Jing and Zhao, Jinxi},
  journal={Neurocomputing},
  volume={167},
  pages={243--253},
  year={2015},
  publisher={Elsevier}
}

@inproceedings{yoshihara2014predicting,
  title={Predicting stock market trends by recurrent deep neural networks},
  author={Yoshihara, Akira and Fujikawa, Kazuki and Seki, Kazuhiro and Uehara, Kuniaki},
  booktitle={Pacific rim international conference on artificial intelligence},
  pages={759--769},
  year={2014},
  organization={Springer}
}

@inproceedings{ding2015deep,
  title={Deep learning for event-driven stock prediction},
  author={Ding, Xiao and Zhang, Yue and Liu, Ting and Duan, Junwen},
  booktitle={Twenty-fourth international joint conference on artificial intelligence},
  year={2015}
}

@article{guo2014feature,
  title={A feature fusion based forecasting model for financial time series},
  author={Guo, Zhiqiang and Wang, Huaiqing and Liu, Quan and Yang, Jie},
  journal={PloS one},
  volume={9},
  number={6},
  pages={e101113},
  year={2014},
  publisher={Public Library of Science}
}

@article{wang2012novel,
  title={A novel text mining approach to financial time series forecasting},
  author={Wang, Baohua and Huang, Hejiao and Wang, Xiaolong},
  journal={Neurocomputing},
  volume={83},
  pages={136--145},
  year={2012},
  publisher={Elsevier}
}

@article{fischer2018deep,
  title={Deep learning with long short-term memory networks for financial market predictions},
  author={Fischer, Thomas and Krauss, Christopher},
  journal={European Journal of Operational Research},
  volume={270},
  number={2},
  pages={654--669},
  year={2018},
  publisher={Elsevier}
}


@article{mana75,
title = "Knowledge and reasoning in program synthesis",
journal = "Artificial Intelligence",
volume = "6",
number = "2",
pages = "175 - 208",
year = "1975",
issn = "0004-3702",
author = "Zohar Manna and Richard Waldinger",
}

@article{gulwani12,
 author = {Gulwani, Sumit and Harris, William R. and Singh, Rishabh},
 title = {Spreadsheet Data Manipulation Using Examples},
 journal = {Commun. ACM},
 issue_date = {August 2012},
 volume = {55},
 number = {8},
 month = aug,
 year = {2012},
 issn = {0001-0782},
 pages = {97--105},
 numpages = {9},
 url = {http://doi.acm.org/10.1145/2240236.2240260},
 doi = {10.1145/2240236.2240260},
 acmid = {2240260},
 publisher = {ACM},
 address = {New York, NY, USA},
} 

@incollection{alur15,
  author    = {Rajeev Alur and
               Rastislav Bod{\'{\i}}k and
               Eric Dallal and
               Dana Fisman and
               Pranav Garg and
               Garvit Juniwal and
               Hadas Kress{-}Gazit and
               P. Madhusudan and
               Milo M. K. Martin and
               Mukund Raghothaman and
               Shambwaditya Saha and
               Sanjit A. Seshia and
               Rishabh Singh and
               Armando Solar{-}Lezama and
               Emina Torlak and
               Abhishek Udupa},
  title     = {Syntax-Guided Synthesis},
  booktitle = {Dependable Software Systems Engineering},
  pages     = {1--25},
  year      = {2015},
  crossref  = {DBLP:series/natosec/40},
  url       = {https://doi.org/10.3233/978-1-61499-495-4-1},
  doi       = {10.3233/978-1-61499-495-4-1},
  timestamp = {Wed, 14 Jun 2017 20:39:07 +0200},
  biburl    = {https://dblp.org/rec/bib/series/natosec/AlurBDF0JKMMRSSSSTU15},
  bibsource = {dblp computer science bibliography, https://dblp.org}
}

@book{DBLP:series/natosec/40,
  editor    = {Maximilian Irlbeck and
               Doron A. Peled and
               Alexander Pretschner},
  title     = {Dependable Software Systems Engineering},
  series    = {{NATO} Science for Peace and Security Series, {D:} Information and
               Communication Security},
  volume    = {40},
  publisher = {{IOS} Press},
  year      = {2015},
  isbn      = {978-1-61499-494-7},
  timestamp = {Fri, 12 Feb 2016 07:36:54 +0100},
  biburl    = {https://dblp.org/rec/bib/series/natosec/40},
  bibsource = {dblp computer science bibliography, https://dblp.org}
}

@inproceedings{raychev14,
 author = {Raychev, Veselin and Vechev, Martin and Yahav, Eran},
 title = {Code Completion with Statistical Language Models},
 booktitle = {Proceedings of the 35th ACM SIGPLAN Conference on Programming Language Design and Implementation},
 series = {PLDI '14},
 year = {2014},
 isbn = {978-1-4503-2784-8},
 location = {Edinburgh, United Kingdom},
 pages = {419--428},
 numpages = {10},
 url = {http://doi.acm.org/10.1145/2594291.2594321},
 doi = {10.1145/2594291.2594321},
 acmid = {2594321},
 publisher = {ACM},
 address = {New York, NY, USA},
}

@inproceedings{feng18,
 author = {Feng, Yu and Martins, Ruben and Bastani, Osbert and Dillig, Isil},
 title = {Program Synthesis Using Conflict-driven Learning},
 booktitle = {Proceedings of the 39th ACM SIGPLAN Conference on Programming Language Design and Implementation},
 series = {PLDI 2018},
 year = {2018},
 isbn = {978-1-4503-5698-5},
 location = {Philadelphia, PA, USA},
 pages = {420--435},
 numpages = {16},
 url = {http://doi.acm.org/10.1145/3192366.3192382},
 doi = {10.1145/3192366.3192382},
 acmid = {3192382},
 publisher = {ACM},
 address = {New York, NY, USA},
 keywords = {automated reasoning, conflict-driven learning, program synthesis},
} 

@inproceedings{npi,
  author    = {Scott E. Reed and
               Nando de Freitas},
  title     = {Neural Programmer-Interpreters},
  booktitle = {4th International Conference on Learning Representations, {ICLR} 2016,
               San Juan, Puerto Rico, May 2-4, 2016, Conference Track Proceedings},
  year      = {2016},
  crossref  = {DBLP:conf/iclr/2016},
  url       = {http://arxiv.org/abs/1511.06279},
  timestamp = {Fri, 29 Mar 2019 10:35:07 +0100},
  biburl    = {https://dblp.org/rec/bib/journals/corr/ReedF15},
  bibsource = {dblp computer science bibliography, https://dblp.org}
}

@proceedings{DBLP:conf/iclr/2016,
  editor    = {Yoshua Bengio and
               Yann LeCun},
  title     = {4th International Conference on Learning Representations, {ICLR} 2016,
               San Juan, Puerto Rico, May 2-4, 2016, Conference Track Proceedings},
  year      = {2016},
  url       = {https://iclr.cc/archive/www/doku.php\%3Fid=iclr2016:accepted-main.html},
  timestamp = {Wed, 17 Jul 2019 10:40:54 +0200},
  biburl    = {https://dblp.org/rec/bib/conf/iclr/2016},
  bibsource = {dblp computer science bibliography, https://dblp.org}
}

@inproceedings{cai17,
  author    = {Jonathon Cai and
               Richard Shin and
               Dawn Song},
  title     = {Making Neural Programming Architectures Generalize via Recursion},
  booktitle = {5th International Conference on Learning Representations, {ICLR} 2017,
               Toulon, France, April 24-26, 2017, Conference Track Proceedings},
  year      = {2017},
  crossref  = {DBLP:conf/iclr/2017},
  url       = {https://openreview.net/forum?id=BkbY4psgg},
  timestamp = {Thu, 04 Apr 2019 13:20:07 +0200},
  biburl    = {https://dblp.org/rec/bib/conf/iclr/CaiSS17},
  bibsource = {dblp computer science bibliography, https://dblp.org}
}

@proceedings{DBLP:conf/iclr/2017,
  title     = {5th International Conference on Learning Representations, {ICLR} 2017,
               Toulon, France, April 24-26, 2017, Conference Track Proceedings},
  publisher = {OpenReview.net},
  year      = {2017},
  url       = {https://openreview.net/group?id=ICLR.cc/2017/conference},
  timestamp = {Thu, 04 Apr 2019 13:20:07 +0200},
  biburl    = {https://dblp.org/rec/bib/conf/iclr/2017},
  bibsource = {dblp computer science bibliography, https://dblp.org}
}

@inproceedings{bunel18,
  author    = {Rudy Bunel and
               Matthew J. Hausknecht and
               Jacob Devlin and
               Rishabh Singh and
               Pushmeet Kohli},
  title     = {Leveraging Grammar and Reinforcement Learning for Neural Program Synthesis},
  booktitle = {6th International Conference on Learning Representations, {ICLR} 2018,
               Vancouver, BC, Canada, April 30 - May 3, 2018, Conference Track Proceedings},
  year      = {2018},
  crossref  = {DBLP:conf/iclr/2018},
  url       = {https://openreview.net/forum?id=H1Xw62kRZ},
  timestamp = {Thu, 04 Apr 2019 13:20:09 +0200},
  biburl    = {https://dblp.org/rec/bib/conf/iclr/BunelHDSK18},
  bibsource = {dblp computer science bibliography, https://dblp.org}
}

@proceedings{DBLP:conf/iclr/2018,
  title     = {6th International Conference on Learning Representations, {ICLR} 2018,
               Vancouver, BC, Canada, April 30 - May 3, 2018, Conference Track Proceedings},
  publisher = {OpenReview.net},
  year      = {2018},
  url       = {https://openreview.net/group?id=ICLR.cc/2018/Conference},
  timestamp = {Thu, 04 Apr 2019 13:20:09 +0200},
  biburl    = {https://dblp.org/rec/bib/conf/iclr/2018},
  bibsource = {dblp computer science bibliography, https://dblp.org}
}

@inproceedings{real17,
  author    = {Esteban Real and
               Sherry Moore and
               Andrew Selle and
               Saurabh Saxena and
               Yutaka Leon Suematsu and
               Jie Tan and
               Quoc V. Le and
               Alexey Kurakin},
  title     = {Large-Scale Evolution of Image Classifiers},
  booktitle = {Proceedings of the 34th International Conference on Machine Learning,
               {ICML} 2017, Sydney, NSW, Australia, 6-11 August 2017},
  pages     = {2902--2911},
  year      = {2017},
  crossref  = {DBLP:conf/icml/2017},
  url       = {http://proceedings.mlr.press/v70/real17a.html},
  timestamp = {Wed, 03 Apr 2019 18:17:27 +0200},
  biburl    = {https://dblp.org/rec/bib/conf/icml/RealMSSSTLK17},
  bibsource = {dblp computer science bibliography, https://dblp.org}
}

@proceedings{DBLP:conf/icml/2017,
  editor    = {Doina Precup and
               Yee Whye Teh},
  title     = {Proceedings of the 34th International Conference on Machine Learning,
               {ICML} 2017, Sydney, NSW, Australia, 6-11 August 2017},
  series    = {Proceedings of Machine Learning Research},
  volume    = {70},
  publisher = {{PMLR}},
  year      = {2017},
  url       = {http://proceedings.mlr.press/v70/},
  timestamp = {Wed, 29 May 2019 08:41:45 +0200},
  biburl    = {https://dblp.org/rec/bib/conf/icml/2017},
  bibsource = {dblp computer science bibliography, https://dblp.org}
}

@inproceedings{real18,
  author    = {Esteban Real and
               Alok Aggarwal and
               Yanping Huang and
               Quoc V. Le},
  title     = {Regularized Evolution for Image Classifier Architecture Search},
  booktitle   = {Thirty-Third AAAI Conference on Artificial Intelligence},
  month    = {February},
  year = 2019,
}

@TECHREPORT{cifar10,
    author = {Alex Krizhevsky},
    title = {Learning multiple layers of features from tiny images},
    institution = {},
    year = {2009}
}

@inproceedings{imagenet,
        AUTHOR = {Deng, J. and Dong, W. and Socher, R. and Li, L.-J. and Li, K. and Fei-Fei, L.},
        TITLE = {{ImageNet: A Large-Scale Hierarchical Image Database}},
        BOOKTITLE = {CVPR09},
        YEAR = {2009},
        BIBSOURCE = "http://www.image-net.org/papers/imagenet_cvpr09.bib"}
        
@article{salimans17,
  author    = {Tim Salimans and Jonathan Ho and Xi Chen and Szymon Sidor and Ilya Sutskever},
  title     = {Evolution Strategies as a Scalable Alternative to Reinforcement Learning},
  journal   = {CoRR},
  volume    = {abs/1703.03864},
  year      = {2017},
  url       = {https://arxiv.org/abs/1703.03864},
  archivePrefix = {arXiv},
  eprint    = {1703.03864},
}
@article{such17,
  author    = {Felipe Petroski Such and
               Vashisht Madhavan and
               Edoardo Conti and
               Joel Lehman and
               Kenneth O. Stanley and
               Jeff Clune},
  title     = {Deep Neuroevolution: Genetic Algorithms Are a Competitive Alternative
               for Training Deep Neural Networks for Reinforcement Learning},
  journal   = {CoRR},
  volume    = {abs/1712.06567},
  year      = {2017},
  url       = {http://arxiv.org/abs/1712.06567},
  archivePrefix = {arXiv},
  eprint    = {1712.06567},
  timestamp = {Mon, 13 Aug 2018 16:46:09 +0200},
  biburl    = {https://dblp.org/rec/bib/journals/corr/abs-1712-06567},
  bibsource = {dblp computer science bibliography, https://dblp.org}
}

@article{liu17,
  author    = {Hanxiao Liu and
               Karen Simonyan and
               Oriol Vinyals and
               Chrisantha Fernando and
               Koray Kavukcuoglu},
  title     = {Hierarchical Representations for Efficient Architecture Search},
  journal   = {CoRR},
  volume    = {abs/1711.00436},
  year      = {2017},
  url       = {http://arxiv.org/abs/1711.00436},
  archivePrefix = {arXiv},
  eprint    = {1711.00436},
  timestamp = {Mon, 13 Aug 2018 16:47:28 +0200},
  biburl    = {https://dblp.org/rec/bib/journals/corr/abs-1711-00436},
  bibsource = {dblp computer science bibliography, https://dblp.org}
}

@misc{santientlabs,
title={{Evolv Delivers Autonomous Optimization Across Web \& Mobile}},
author={Santient Labs},
howpublished="\url{https://www.evolv.ai/}",
}

@misc{tensorflow,
title={{TensorFlow}},
howpublished="\url{https://www.tensorflow.org/}",
}



@article{bao2017deep,
  title={A deep learning framework for financial time series using stacked autoencoders and long-short term memory},
  author={Bao, Wei and Yue, Jun and Rao, Yulei},
  journal={PloS one},
  volume={12},
  number={7},
  pages={e0180944},
  year={2017},
  publisher={Public Library of Science}
}

@inproceedings{katz08,
 author = {Katz, Gal and Peled, Doron},
 title = {Genetic Programming and Model Checking: Synthesizing New Mutual Exclusion Algorithms},
 booktitle = {Proceedings of the 6th International Symposium on Automated Technology for Verification and Analysis},
 series = {ATVA '08},
 year = {2008},
 isbn = {978-3-540-88386-9},
 location = {Seoul, Korea},
 pages = {33--47},
 numpages = {15},
 url = {http://dx.doi.org/10.1007/978-3-540-88387-6_5},
 doi = {10.1007/978-3-540-88387-6_5},
 acmid = {1478285},
 publisher = {Springer-Verlag},
 address = {Berlin, Heidelberg},
} 

@inproceedings{weimer09,
 author = {Weimer, Westley and Nguyen, ThanhVu and Le Goues, Claire and Forrest, Stephanie},
 title = {Automatically Finding Patches Using Genetic Programming},
 booktitle = {Proceedings of the 31st International Conference on Software Engineering},
 series = {ICSE '09},
 year = {2009},
 isbn = {978-1-4244-3453-4},
 pages = {364--374},
 numpages = {11},
 url = {http://dx.doi.org/10.1109/ICSE.2009.5070536},
 doi = {10.1109/ICSE.2009.5070536},
 acmid = {1555051},
 publisher = {IEEE Computer Society},
 address = {Washington, DC, USA},
} 

@article{aip,
  author    = {Kory Becker and
               Justin Gottschlich},
  title     = {{AI} Programmer: Autonomously Creating Software Programs Using Genetic
               Algorithms},
  journal   = {CoRR},
  volume    = {abs/1709.05703},
  year      = {2017},
  url       = {http://arxiv.org/abs/1709.05703},
  archivePrefix = {arXiv},
  eprint    = {1709.05703},
  timestamp = {Mon, 13 Aug 2018 16:48:39 +0200},
  biburl    = {https://dblp.org/rec/bib/journals/corr/abs-1709-05703},
  bibsource = {dblp computer science bibliography, https://dblp.org}
}

@article{parisotto16,
  author    = {Emilio Parisotto and
               Abdel{-}rahman Mohamed and
               Rishabh Singh and
               Lihong Li and
               Dengyong Zhou and
               Pushmeet Kohli},
  title     = {Neuro-Symbolic Program Synthesis},
  journal   = {CoRR},
  volume    = {abs/1611.01855},
  year      = {2016},
  url       = {http://arxiv.org/abs/1611.01855},
  archivePrefix = {arXiv},
  eprint    = {1611.01855},
  timestamp = {Mon, 13 Aug 2018 16:46:00 +0200},
  biburl    = {https://dblp.org/rec/bib/journals/corr/ParisottoMSLZK16},
  bibsource = {dblp computer science bibliography, https://dblp.org}
}

@inproceedings{robustfill,
  author    = {Jacob Devlin and
               Jonathan Uesato and
               Surya Bhupatiraju and
               Rishabh Singh and
               Abdel{-}rahman Mohamed and
               Pushmeet Kohli},
  title     = {RobustFill: Neural Program Learning under Noisy {I/O}},
  booktitle = {Proceedings of the 34th International Conference on Machine Learning,
               {ICML} 2017, Sydney, NSW, Australia, 6-11 August 2017},
  pages     = {990--998},
  year      = {2017},
  crossref  = {DBLP:conf/icml/2017},
  url       = {http://proceedings.mlr.press/v70/devlin17a.html},
  timestamp = {Wed, 03 Apr 2019 18:17:29 +0200},
  biburl    = {https://dblp.org/rec/bib/conf/icml/DevlinUBSMK17},
  bibsource = {dblp computer science bibliography, https://dblp.org}
}

@inproceedings{rabinovichSK17,
  author    = {Maxim Rabinovich and
               Mitchell Stern and
               Dan Klein},
  title     = {Abstract Syntax Networks for Code Generation and Semantic Parsing},
  booktitle = {Proceedings of the 55th Annual Meeting of the Association for Computational
               Linguistics, {ACL} 2017, Vancouver, Canada, July 30 - August 4, Volume
               1: Long Papers},
  pages     = {1139--1149},
  year      = {2017},
  crossref  = {DBLP:conf/acl/2017-1},
  url       = {https://doi.org/10.18653/v1/P17-1105},
  doi       = {10.18653/v1/P17-1105},
  timestamp = {Fri, 04 Aug 2017 16:38:24 +0200},
  biburl    = {https://dblp.org/rec/bib/conf/acl/RabinovichSK17},
  bibsource = {dblp computer science bibliography, https://dblp.org}
}

@proceedings{DBLP:conf/acl/2017-1,
  editor    = {Regina Barzilay and
               Min{-}Yen Kan},
  title     = {Proceedings of the 55th Annual Meeting of the Association for Computational
               Linguistics, {ACL} 2017, Vancouver, Canada, July 30 - August 4, Volume
               1: Long Papers},
  publisher = {Association for Computational Linguistics},
  year      = {2017},
  url       = {https://www.aclweb.org/anthology/volumes/P17-1/},
  isbn      = {978-1-945626-75-3},
  timestamp = {Mon, 19 Aug 2019 18:09:15 +0200},
  biburl    = {https://dblp.org/rec/bib/conf/acl/2017-1},
  bibsource = {dblp computer science bibliography, https://dblp.org}
}

@article{neuralteuring,
  author    = {Alex Graves and
               Greg Wayne and
               Ivo Danihelka},
  title     = {Neural Turing Machines},
  journal   = {CoRR},
  volume    = {abs/1410.5401},
  year      = {2014},
  url       = {http://arxiv.org/abs/1410.5401},
  archivePrefix = {arXiv},
  eprint    = {1410.5401},
  timestamp = {Mon, 13 Aug 2018 16:46:28 +0200},
  biburl    = {https://dblp.org/rec/bib/journals/corr/GravesWD14},
  bibsource = {dblp computer science bibliography, https://dblp.org}
}

@inproceedings{npi2,
  author    = {Da Xiao and
               Jo{-}Yu Liao and
               Xingyuan Yuan},
  title     = {Improving the Universality and Learnability of Neural Programmer-Interpreters
               with Combinator Abstraction},
  booktitle = {6th International Conference on Learning Representations, {ICLR} 2018,
               Vancouver, BC, Canada, April 30 - May 3, 2018, Conference Track Proceedings},
  year      = {2018},
  crossref  = {DBLP:conf/iclr/2018},
  url       = {https://openreview.net/forum?id=rJlMAAeC-},
  timestamp = {Thu, 04 Apr 2019 13:20:09 +0200},
  biburl    = {https://dblp.org/rec/bib/conf/iclr/XiaoLY18},
  bibsource = {dblp computer science bibliography, https://dblp.org}
}


@inproceedings{fox18,
  author    = {Roy Fox and
               Richard Shin and
               Sanjay Krishnan and
               Ken Goldberg and
               Dawn Song and
               Ion Stoica},
  title     = {Parametrized Hierarchical Procedures for Neural Programming},
  booktitle = {6th International Conference on Learning Representations, {ICLR} 2018,
               Vancouver, BC, Canada, April 30 - May 3, 2018, Conference Track Proceedings},
  year      = {2018},
  crossref  = {DBLP:conf/iclr/2018},
  url       = {https://openreview.net/forum?id=rJl63fZRb},
  timestamp = {Thu, 04 Apr 2019 13:20:09 +0200},
  biburl    = {https://dblp.org/rec/bib/conf/iclr/FoxSKGSS18},
  bibsource = {dblp computer science bibliography, https://dblp.org}
}

@inproceedings{
chen2018towards,
title={Towards Synthesizing Complex Programs From Input-Output Examples},
author={Xinyun Chen and Chang Liu and Dawn Song},
booktitle={International Conference on Learning Representations},
year={2018},
url={https://openreview.net/forum?id=Skp1ESxRZ},
}

@Inbook{Korns2011,
author="Korns, Michael F.",
editor="Riolo, Rick
and Vladislavleva, Ekaterina
and Moore, Jason H.",
title="Accuracy in Symbolic Regression",
bookTitle="Genetic Programming Theory and Practice IX",
year="2011",
publisher="Springer New York",
address="New York, NY",
pages="129--151",
isbn="978-1-4614-1770-5",
doi="10.1007/978-1-4614-1770-5_8",
url="https://doi.org/10.1007/978-1-4614-1770-5_8"
}

@article{Vladislavleva09,
 author = {Vladislavleva, Ekaterina J. and Smits, Guido F. and Den Hertog, Dick},
 title = {Order of Nonlinearity As a Complexity Measure for Models Generated by Symbolic Regression via Pareto Genetic Programming},
 journal = {Trans. Evol. Comp},
 issue_date = {April 2009},
 volume = {13},
 number = {2},
 month = apr,
 year = {2009},
 issn = {1089-778X},
 pages = {333--349},
 numpages = {17},
 url = {http://dx.doi.org/10.1109/TEVC.2008.926486},
 doi = {10.1109/TEVC.2008.926486},
 acmid = {1650365},
 publisher = {IEEE Press},
 address = {Piscataway, NJ, USA},
 keywords = {Complexity, complexity, evolutionary multiobjective optimization, extrapolation, genetic programming (GP), industrial data analysis, model selection},
} 

@inproceedings{harper12,
 author = {Harper, Robin},
 title = {Spatial Co-evolution: Quicker, Fitter and Less Bloated},
 booktitle = {Proceedings of the 14th Annual Conference on Genetic and Evolutionary Computation},
 series = {GECCO '12},
 year = {2012},
 isbn = {978-1-4503-1177-9},
 location = {Philadelphia, Pennsylvania, USA},
 pages = {759--766},
 numpages = {8},
 url = {http://doi.acm.org/10.1145/2330163.2330269},
 doi = {10.1145/2330163.2330269},
 acmid = {2330269},
 publisher = {ACM},
 address = {New York, NY, USA},
 keywords = {bloat, gp, operator equalisation, spatial co-evolution (scalp)},
}

@misc{chartpattern,
title={{Chart Pattern}},
howpublished="\url{https://medium.com/stockswipe-trade-ideas/chart-patterns-f0a7ceb2bcca}",
}